
@article{1,
  author    = {Marja Matinmikko-Blue and Seppo Yrjölä and Petri Ahokangas},
  title     = {Spectrum Management in the 6G Era: The Role of Regulation and Spectrum Sharing},
  journal   = { 2020 2nd 6G Wireless Summit (6G SUMMIT), Levi, Finland, 2020},
  year      = {2020}
}

@article{2,
  author    = {{Rodney Martinez Alonso and David Plets and Margot Deruyck and Luc Martens, Glauco Guillen Nieto and Wout Joseph}},
  title     = {Dynamic Interference Optimization in Cognitive Radio Networks for Rural and Suburban Areas},
  journal   = {Wireless Communications and Mobile Computing, vol. 2020, pp. 1–16},
  year      = {2020}
}
@article{3,
  author    = { {HPE Aruba Networking}},
  title     = {What is CBRS?},
  journal   = {https://www.arubanetworks.com/faq/what-is-cbrs/}
}
@article{4,
  author    = {{Federal Communications Commission}},
  title     = {Amendment of the Commission's Rules with Regard to Commercial Operations in the 3550-3650 MHz Band},
  journal   = {FCC Report and Order},
  year      = {2015}
}
@article{5,
  author    = {Hyelin Nam and Kyuwon Han and Jihoon Park and Han Ch and Seong-Lyun Kim},
  title     = {A Spectrum Sharing System: Visualized Interference Classification and CNN Approach},
  journal   = {2021 IEEE International Symposium on Dynamic Spectrum Access Networks (DySPAN), Los Angeles, CA, USA},
  year      = {2021}
}
@article{6,
  author    = {Ian J. Goodfellow and Jean Pouget-Abadie and Mehdi Mirza and Bing Xu and David Warde-Farley and Sherjil Ozair and Aaron Courville and Yoshua Bengio},
  title     = {Generative Adversarial Nets},
  journal   = {Advances in Neural Information Processing Systems, vol. 27},
  year      = {2014}
}
@article{7,
  author    = {Jonathan Ho and Ajay Jain and Pieter Abbeel},
  title     = {Denoising Diffusion Probabilistic Models},
  journal   = {NeurIPS 2020 (34th Conference on Neural Information Processing Systems)},
  year      = {2020}
}
@article{8,
  author    = {Aaron van den Oord and Oriol Vinyals and Koray Kavukcuoglu},
  title     = {Neural Discrete Representation Learning},
  journal   = {NIPS'17: Proceedings of the 31st International Conference on Neural Information Processing Systems
},
  year      = {2018}
}

@article{9,
author    = {Prafulla Dhariwal and Alex Nichol},
  title     = {Diffusion Models Beat GANs on Image Synthesis},
  journal   = {CVPR},
  year      = {2021}
}
@article{10,
  author    = {Antonia Creswell and Tom White and Vincent Dumoulin and Kai Arulkumaran and Biswa Sengupta and Anil A Bharath},
  title     = {Generative adversarial networks: An overview},
  journal   = {IEEE Signal Processing Magazine, vol. 35, no. 1, pp. 53-65},
  year      = {2018}
}
@article{11,
  author    = {Martin Heusel and Hubert Ramsauer and Thomas Unterthiner and Bernhard Nessler and Sepp Hochreiter},
  title     = {GANs Trained by a Two Time-Scale Update Rule Converge to a Local Nash Equilibrium},
  journal   = {arXiv (Cornell University), vol. 30, pp. 6626–6637},
  year      = {2017}
}
@article{12,
  author    = {Felipe L. Gewers and Gustavo R. Ferreira and Henrique F. de Arruda and Filipi N. Silva and Cesar H. Comin and Diego R. Amancio and Luciano da F. Costa},
  title     = {Principal Component Analysis: A Natural Approach to Data Exploration},
  journal   = {ACM Comput. Surv. 54, 4, Article 70},
  year      = {2022}
}
@article{13,
  author    = {{Federal Communications Commission}},
  title     = {White Space},
  journal   = {https://www.fcc.gov/general/white-space},
  year      = {2011}
}
@article{14,
  author    = {Yang Yang and Yutong Zhang and Yue Lang and Beichen Li and Shisheng Guo and Qi Tan},
  title     = {GAN-Based Radar Spectrogram Augmentation via Diversity Injection Strategy},
  journal   = {IEEE Transactions on Instrumentation and Measurement, vol. 72, pp. 1–12},
  year      = {2022}
}
@article{15,
  author    = {Gustav Müller-Franzes and Jan Moritz Niehues and Firas Khader and Soroosh Tayebi Arasteh and Christoph Haarburger and Christiane Kuhl and Tianci Wang and Tianyu Han and Teresa Nolte and Sven Nebelung and Jakob Nikolas Kather and Daniel Truhn},
  title     = {A multimodal comparison of latent denoising diffusion probabilistic models and generative adversarial networks for medical image synthesis},
  journal   = {Sci Rep 13, 12098 },
  year      = {2023}
}
@article{16,
  author    = {Chitwan Saharia and William Chan and Saurabh Saxena and Lala Li and Jay Whang and Emily Denton and Seyed Kamyar Seyed Ghasemipour and Burcu Karagol Ayan and S. Sara Mahdavi and Rapha Gontijo Lopes and Tim Salimans and Jonathan Ho and David J Fleet and Mohammad Norouzi},
  title     = {Photorealistic text-to-image diffusion models with deep language understanding},
  journal   = {Advances in Neural Information Processing Systems, 35:36479–36494},
  year      = {2022}
}
@article{17,
  author    = {Ge Zhu and Yutong Wen and Marc-André Carbonneau and Zhiyao Duan},
  title     = {EDMSound: Spectrogram Based Diffusion Models for Efficient and High-Quality Audio Synthesis.},
  journal   = {https://arxiv.org/pdf/2311.08667},
  year      = {2023}
}
@article{18,
  author    = {D. P. Kingma and J. Ba},
  title     = {Adam: A Method for Stochastic Optimization},
  journal   = {3rd International Conference on Learning Representations (ICLR), San Diego, CA, USA, May 2015.},
  year      = {2015}
}
